<record><leader>00000cas a22000007a 4500</leader><controlfield tag="001">17200327</controlfield><controlfield tag="008">871208d19701986paudr ne      0    0eng d</controlfield><datafield ind1=" " ind2=" " tag="010"><subfield code="a">sn 87078584 </subfield></datafield><datafield ind1=" " ind2=" " tag="040"><subfield code="a">NPH</subfield><subfield code="b">eng</subfield><subfield code="c">NPH</subfield><subfield code="d">OCLCQ</subfield><subfield code="d">DLC</subfield></datafield><datafield ind1=" " ind2=" " tag="042"><subfield code="a">msc</subfield></datafield><datafield ind1="0" ind2=" " tag="130"><subfield code="a">Daily herald (Monongahela, Pa.)</subfield></datafield><datafield ind1="1" ind2="4" tag="245"><subfield code="a">The daily herald.</subfield></datafield><datafield ind1="3" ind2="0" tag="246"><subfield code="a">Daily herald combining the Daily Republican and the Herald-American</subfield></datafield><datafield ind1=" " ind2=" " tag="260"><subfield code="a">Monongahela, Pa. :</subfield><subfield code="b">Monongahela Pub. Co.,</subfield><subfield code="c">1970-</subfield></datafield><datafield ind1=" " ind2=" " tag="300"><subfield code="a">v. :</subfield><subfield code="b">ill. ;</subfield><subfield code="c">57 cm.</subfield></datafield><datafield ind1=" " ind2=" " tag="310"><subfield code="a">Daily</subfield></datafield><datafield ind1="0" ind2=" " tag="362"><subfield code="a">Vol. 126, no. 117 (Nov. 30, 1970)-</subfield></datafield><datafield ind1="1" ind2=" " tag="362"><subfield code="a">Ceased in Mar. 1986?</subfield></datafield><datafield ind1=" " ind2=" " tag="500"><subfield code="a">The words "combining the Daily Republican and the Herald-American" appear below title on masthead.</subfield></datafield><datafield ind1=" " ind2=" " tag="500"><subfield code="a">"Serving Monongahela, Donora and Charleroi," &lt;1977&gt;.</subfield></datafield><datafield ind1=" " ind2=" " tag="752"><subfield code="a">United States</subfield><subfield code="b">Pennsylvania</subfield><subfield code="c">Washington</subfield><subfield code="d">Monongahela.</subfield></datafield><datafield ind1=" " ind2=" " tag="752"><subfield code="a">United States</subfield><subfield code="b">Pennsylvania</subfield><subfield code="c">Washington</subfield><subfield code="d">Donora.</subfield></datafield><datafield ind1=" " ind2=" " tag="752"><subfield code="a">United States</subfield><subfield code="b">Pennsylvania</subfield><subfield code="c">Washington</subfield><subfield code="d">Charleroi.</subfield></datafield><datafield ind1="0" ind2="4" tag="780"><subfield code="t">Daily republican (Monongahela, Pa.)</subfield><subfield code="w">(DLC)sn 85054982</subfield></datafield><datafield ind1="0" ind2="4" tag="780"><subfield code="t">Herald-American (Donora, Pa. : 1947)</subfield><subfield code="w">(DLC)sn 87078583</subfield></datafield><datafield ind1="0" ind2="0" tag="785"><subfield code="t">Observer-reporter (Washington, Washington County, Pa. : Mon Valley ed.)</subfield><subfield code="w">(DLC)sn 89077800</subfield></datafield></record>